@ARTICLE{5276043,
journal={IEEE Unapproved Draft Std P24765-2009, Sept 2009},
title={ISO/IEC/IEEE Systems and software engineering - Vocabulary},
year={2009},
month={},
pages={-},}
